@inproceedings {AFL,
  author = {Andrea Fioraldi and Dominik Maier and Heiko Ei{\ss}feldt and Marc Heuse},
  title = {{AFL++} : Combining Incremental Steps of Fuzzing Research},
  booktitle = {14th USENIX Workshop on Offensive Technologies (WOOT 20)},
  year = {2020},
  url = {https://www.usenix.org/conference/woot20/presentation/fioraldi},
  publisher = {USENIX Association},
  month = aug
}

@misc{shellshock,
  author = {{Exploit Database}},
  title = {The Shellshock Incident Explained},
  howpublished = {\url{https://www.exploit-db.com/docs/english/48112-the-shellshock-attack-%5Bpaper%5D.pdf?ref=benheater.com}}
}

@misc{heartbleed,
  author = {{Heartbleed Foundation}},
  title = {The Heartbleed Bug Explained},
  howpublished = {\url{https://heartbleed.com/}}
}

@misc{san_repo,
  author = {{Google}},
  title = {Google Sanitizers' GitHub Repository},
  howpublished = {\url{https://github.com/google/sanitizers}}
}

@inproceedings{serebryany2012addresssanitizer,
  title={AddressSanitizer: A fast address sanity checker},
  author={Serebryany, Konstantin and Bruening, Derek and Potapenko, Alexander and Vyukov, Dmitriy},
  booktitle={2012 USENIX annual technical conference (USENIX ATC 12)},
  pages={309--318},
  year={2012}
}

@inproceedings{stepanov2015memorysanitizer,
  title={MemorySanitizer: fast detector of uninitialized memory use in C++},
  author={Stepanov, Evgeniy and Serebryany, Konstantin},
  booktitle={2015 IEEE/ACM International Symposium on Code Generation and Optimization (CGO)},
  pages={46--55},
  year={2015},
  organization={IEEE}
}


@misc{asan_docs,
  author = {LLVM},
  title = {Address Sanitizer Documentation},
  howpublished = {\url{https://clang.llvm.org/docs/AddressSanitizer.html}}
}

@misc{msan_docs,
  author = {LLVM},
  title = {Memory Sanitizer Documentation},
  howpublished = {\url{https://clang.llvm.org/docs/MemorySanitizer.html}}
}

@misc{ubsan_docs,
  author = {LLVM},
  title = {Undefined Behavior Sanitizer Documentation},
  howpublished = {\url{https://clang.llvm.org/docs/UndefinedBehaviorSanitizer.html}}
}

@misc{afl_docs,
  author = {AFL++},
  title = {Fuzzing Library "libafl"},
  howpublished = {\url{https://aflplus.plus/libafl-book/libafl.html}}
}

@misc{osd,
  author = {{Open Source Initiative}},
  title = {Open-Source License Definition},
  howpublished = {\url{https://opensource.org/osd}}
}

@misc{google_oss,
  author = {Google},
  title = {Google Open Source Project},
  howpublished = {\url{https://opensource.google/}}
}

@misc{gsutil,
  author = {Google},
  title = {gsutil tool},
  howpublished = {\url{https://cloud.google.com/storage/docs/gsutil}}
}


@misc{ossfuzz_docs,
  author = {Google},
  title = {OSS-Fuzz Project Documentation},
  howpublished = {\url{https://google.github.io/oss-fuzz/}}
}

@misc{clusterfuzz_docs,
  author = {Google},
  title = {ClusterFuzz Project Documentation},
  howpublished = {\url{https://google.github.io/clusterfuzz/}}
}

@misc{fuzzbench_docs,
  author = {Google},
  title = {FuzzBench Project Documentation},
  howpublished = {\url{https://google.github.io/fuzzbench/}}
}

@misc{libfuzzer_docs,
  author = {LLVM},
  title = {LibFuzzer Documentation},
  howpublished = {\url{https://llvm.org/docs/LibFuzzer.html}}
}

@misc{ossfuzz_bugtracker,
  author = {Google},
  title = {OSS-Fuzz Issue Tracker},
  howpublished = {\url{https://issues.oss-fuzz.com/issues}}
}

@misc{bug_disclosure,
  author = {{Google Project Zero}},
  title = {Bug Disclosure Guidelines},
  howpublished = {\newline\url{https://googleprojectzero.blogspot.com/2015/02/feedback-and-data-driven-updates-to.html}},
  year = {2015}
}

@inproceedings{Valgrind_1,
  author = {Nethercote, Nicholas and Seward, Julian},
  title = {Valgrind: a framework for heavyweight dynamic binary instrumentation},
  year = {2007},
  publisher = {Association for Computing Machinery},
  address = {New York, NY, USA},
  url = {https://doi.org/10.1145/1250734.1250746},
  booktitle = {Proceedings of the 28th ACM SIGPLAN Conference on Programming Language Design and Implementation},
  pages = {89–100},
  location = {San Diego, California, USA},
}

@inproceedings{Valgrind_2,
  author = {Nethercote, Nicholas and Seward, Julian},
  title = {How to shadow every byte of memory used by a program},
  year = {2007},
  publisher = {Association for Computing Machinery},
  address = {New York, NY, USA},
  url = {https://doi.org/10.1145/1254810.1254820},
  booktitle = {Proceedings of the 3rd International Conference on Virtual Execution Environments},
  pages = {65–74},
  location = {San Diego, California, USA},
}

@misc{valgrind_web,
  author = {{Valgrind}},
  title = {Valgrind Website},
  howpublished = {\url{https://valgrind.org/}}
}

@misc{score,
  author = {{Open Source Security Foundation}},
  title = {Open-Source Project Criticality Score},
  howpublished = {\url{https://github.com/ossf/criticality_score}}
}

@misc{scraper,
  author = {{Zhen Yu Ding}},
  title = {Monorail Scraper GitHub Repository},
  howpublished = {\url{https://github.com/zhenyudg/monorail-scraper}}
}

@misc{driver,
  author = {Google},
  title = {{GoogleDriver for Google Chrome}},
  howpublished = {\url{https://developer.chrome.com/docs/chromedriver?hl=it}}
}

@misc{driver_standard,
  author = {W3C},
  title = {{W3C WebDriver Documentation}},
  howpublished = {\url{https://w3c.github.io/webdriver/}}
}

@article{Docker,
  author = {Bashari Rad, Babak and Bhatti, Harrison and Ahmadi, Mohammad},
  year = {2017},
  month = {03},
  title = {An Introduction to Docker and Analysis of its Performance},
  journal = {IJCSNS International Journal of Computer Science and Network Security}
}

@inproceedings{fuzzbench_paper,
  title={Fuzzbench: an open fuzzer benchmarking platform and service},
  author={Metzman, Jonathan and Szekeres, L{\'a}szl{\'o} and Simon, Laurent and Sprabery, Read and Arya, Abhishek},
  booktitle={Proceedings of the 29th ACM joint meeting on European software engineering conference and symposium on the foundations of software engineering},
  pages={1393--1403},
  year={2021}
}

@conference {ossfuzz_paper,
  author = {Kostya Serebryany},
  title = {{{OSS-Fuzz} - Google{\textquoteright}s continuous fuzzing service for open source software}},
  year = {2017},
  address = {Vancouver, BC},
  publisher = {USENIX Association},
  month = aug
}

@misc{forbes,
  author = {{Forbes}},
  title = {The Price Of Software Errors},
  howpublished = {\url{https://www.forbes.com/councils/forbestechcouncil/2023/12/26/costly-code-the-price-of-software-errors/}}
}

@misc{mab,
  author = {{Wikipedia}},
  title = {Multi-Armed Bandit Algorithms},
  howpublished = {\url{https://en.wikipedia.org/wiki/Multi-armed_bandit/}}
}

@misc{unreliable,
  author = {{Google}},
  title = {{"Unreliable crashes" excerpt from ClusterFuzz Documentation}},
  howpublished = {\url{https://google.github.io/clusterfuzz/using-clusterfuzz/workflows/fixing-a-bug/#unreliable-crashes}}
}